
@inproceedings{turk-etal-2019-turkish, 
	title = "{T}urkish Treebanking: Unifying and Constructing Efforts", 
	author = {T{\"u}rk, Utku and Atmaca, Furkan and {\"O}zate{\c{s}}, {\c{S}}aziye Bet{\"u}l and K{\"o}ksal, Abdullatif and Ozturk Basaran, Balkiz and Gungor, Tunga and {\"O}zg{\"u}r, Arzucan}, 
	booktitle = "Proceedings of the 13th Linguistic Annotation Workshop", 
	month = aug, 
	year = "2019", 
	address = "Florence, Italy",
	publisher = "Association for Computational Linguistics", 
	url = "https://www.aclweb.org/anthology/W19-4019", 
	doi = "10.18653/v1/W19-4019", pages = "166--177"}

@misc{django,
    author = "{Django}",
    title  = "Django documentation",
    year   = "2022",
    url    = "https://docs.djangoproject.com/en/4.0/",
    note   = "[Online; last accessed 25 March 2022]"}

@misc{spyssalo,
    author = "{spyssalo}",
    title  = "conllu.js",
    year   = "2022",
    url    = "http://spyysalo.github.io/conllu.js/",
    note   = "[Online; last accessed 25 March 2022]"}