
@misc{ALTNLP,
  doi       = {10.48550/ARXIV.2207.01327},
  url       = {https://arxiv.org/abs/2207.01327},
  author    = {Akkurt, Salih Furkan and Marşan, Büşra and Uskudarli, Susan},
  keywords  = {Computation and Language (cs.CL), FOS: Computer and information sciences, FOS: Computer and information sciences, I.2.7; J.m; E.m},
  title     = {{BoAT} v2 -- {A} {W}eb-{B}ased {D}ependency {A}nnotation {T}ool with {F}ocus on {A}gglutinative {L}anguages},
  publisher = {{arXiv}},
  year      = {2022},
  copyright = {Creative Commons Attribution 4.0 International}
}

@misc{bootstrap,
  author = {{Bootstrap}},
  title  = {{Bootstrap v5.1 Documentation}},
  year   = {2022},
  url    = {https://getbootstrap.com/docs/5.1},
  note   = {[Online; last accessed 5 May 2022]}
}

@inproceedings{brat,
  author    = {Stenetorp, Pontus and Pyysalo, Sampo and Topi\'{c}, Goran
               and Ohta, Tomoko and Ananiadou, Sophia and Tsujii, Jun'ichi},
  title     = {{brat}: a Web-based Tool for {NLP}-Assisted Text Annotation},
  booktitle = {Proceedings of the Demonstrations Session at {EACL} 2012},
  month     = {April},
  year      = {2012},
  address   = {Avignon, France},
  publisher = {Association for Computational Linguistics}
}

@misc{cg3,
  author = {{Tino Didriksen}},
  title  = {{Constraint Grammar Manual}},
  year   = {2022},
  url    = {https://visl.sdu.dk/cg3/single/},
  note   = {[Online; last accessed 18 November 2022]}
}

@inproceedings{conll-u_editor,
  author       = {Heinecke, Johannes},
  title        = {{ConlluEditor: a fully graphical editor for Universal Dependencies treebank files}},
  year         = {2019},
  booktitle    = {{Universal Dependencies Workshop 2019}},
  address      = {Paris},
  url          = {https://github.com/Orange-OpenSource/conllueditor/},
  howpublished = {\url{https://syntaxfest.github.io/syntaxfest19/proceedings/papers/paper_55.pdf}}
}

@misc{dgannotator,
  author = {Giuseppe Attardi},
  title  = {{DgAnnotator}},
  year   = {2022},
  url    = {http://medialab.di.unipi.it/Project/QA/Parser/DgAnnotator/},
  note   = {[Online; last accessed 27 March 2022]}
}

@misc{django,
  author = {{Django Software Foundation}},
  title  = {Django documentation},
  year   = {2022},
  url    = {https://docs.djangoproject.com/en/4.0},
  note   = {[Online; last accessed 25 March 2022]}
}

@misc{django-filter,
  author = {Alex Gaynor, Carlton Gibson and others},
  title  = {django-filter — django-filter 2.4.0 documentation},
  year   = {2022},
  url    = {https://docs.djangoproject.com/en/4.0},
  note   = {[Online; last accessed 24 April 2022]}
}

@misc{docker,
  author = {{Docker Inc.}},
  title  = {{Home - Docker}},
  year   = {2022},
  url    = {https://www.docker.com},
  note   = {[Online; last accessed 2 May 2022]}
}

@misc{drf,
  author = {{Encode OSS Ltd.}},
  title  = {{Django REST framework}},
  year   = {2022},
  url    = {https://www.django-rest-framework.org},
  note   = {[Online; last accessed 27 March 2022]}
}

@misc{dropbox,
  author = {{Dropbox, Inc.}},
  title  = {Dropbox.com},
  year   = {2022},
  url    = {http://dropbox.com},
  note   = {[Online; last accessed 18 November 2022]}
}

@inproceedings{itu-annotation-tool,
  title     = {The Annotation Process of the {ITU} Web Treebank},
  author    = {Pamay, Tu{\u{g}}ba  and
               Sulubacak, Umut  and
               Toruno{\u{g}}lu-Selamet, Dilara  and
               Eryi{\u{g}}it, G{\"u}l{\c{s}}en},
  booktitle = {Proceedings of The 9th Linguistic Annotation Workshop},
  month     = jun,
  year      = {2015},
  address   = {Denver, Colorado, USA},
  publisher = {Association for Computational Linguistics},
  url       = {https://aclanthology.org/W15-1610},
  doi       = {10.3115/v1/W15-1610},
  pages     = {95--101}
}

@inproceedings{itu-web-tb,
    title = "The Annotation Process of the {ITU} Web Treebank",
    author = {Pamay, Tu{\u{g}}ba  and
      Sulubacak, Umut  and
      Toruno{\u{g}}lu-Selamet, Dilara  and
      Eryi{\u{g}}it, G{\"u}l{\c{s}}en},
    booktitle = "Proceedings of the 9th Linguistic Annotation Workshop",
    month = jun,
    year = "2015",
    address = "Denver, Colorado, USA",
    publisher = "Association for Computational Linguistics",
    url = "https://aclanthology.org/W15-1610",
    doi = "10.3115/v1/W15-1610",
    pages = "95--101",
}

@misc{psql,
  author = {{The PostgreSQL Global Development Group}},
  title  = {{PostgreSQL}},
  year   = {2022},
  url    = {https://www.postgresql.org/docs},
  note   = {[Online; last accessed 27 March 2022]}
}

@misc{mysql,
  author = {Oracle},
  title  = {{MySQL}},
  year   = {2022},
  url    = {https://www.mysql.com/},
  note   = {[Online; last accessed 16 December 2022]}
}

@misc{tomcat,
  author = {{The Apache Software Foundation}},
  title  = {{Apache Tomcat®}},
  year   = {2022},
  url    = {https://tomcat.apache.org/},
  note   = {[Online; last accessed 16 December 2022]}
}

@misc{java,
  author = {{Oracle}},
  title  = {{Oracle Java Technologies | Oracle}},
  year   = {2022},
  url    = {https://www.oracle.com/java/technologies/},
  note   = {[Online; last accessed 16 December 2022]}
}

@misc{python,
  author = {{Python Software Foundation}},
  title  = {Welcome to Python.org},
  year   = {2022},
  url    = {https://www.python.org},
  note   = {[Online; last accessed 24 April 2022]}
}

@misc{qt,
  author = {{The Qt Company}},
  title  = {{Qt | Cross-platform software development for embedded \& desktop}},
  year   = {2022},
  url    = {https://www.qt.io/},
  note   = {[Online; last accessed 25 May 2022]}
}

@misc{spacy,
  author = {Explosion},
  title  = {{spaCy}},
  year   = {2022},
  url    = {https://spacy.io},
  note   = {[Online; last accessed 27 March 2022]}
}

@inproceedings{conll,
    title = "{C}o{NLL}-{X} Shared Task on Multilingual Dependency Parsing",
    author = "Buchholz, Sabine  and
      Marsi, Erwin",
    booktitle = "Proceedings of the Tenth Conference on Computational Natural Language Learning ({C}o{NLL}-X)",
    month = jun,
    year = "2006",
    address = "New York City",
    publisher = "Association for Computational Linguistics",
    url = "https://aclanthology.org/W06-2920",
    pages = "149--164",
}

@misc{spyssalo,
  author = {Sampo Pyysalo},
  title  = {conllu.js},
  year   = {2022},
  url    = {http://spyysalo.github.io/conllu.js},
  note   = {[Online; last accessed 25 March 2022]}
}

@inproceedings{stardust,
  title     = {Introducing {S}tar{D}ust: A {UD}-based Dependency Annotation Tool},
  author    = {Yenice, Arife B.  and
               Cesur, Neslihan  and
               Kuzgun, Asl{\i}  and
               Y{\i}ld{\i}z, Olcay Taner},
  booktitle = {Proceedings of the 16th Linguistic Annotation Workshop (LAW-XVI) within LREC2022},
  month     = jun,
  year      = {2022},
  address   = {Marseille, France},
  publisher = {European Language Resources Association},
  url       = {https://aclanthology.org/2022.law-1.9},
  pages     = {79--84},
  abstract  = {This paper aims to introduce StarDust, a new, open-source annotation tool designed for NLP studies. StarDust is designed specifically to be intuitive and simple for the annotators while also supporting the annotation of multiple languages with different morphological typologies, e.g. Turkish and English. This demonstration will mainly focus on our UD-based annotation tool for dependency syntax. Linked to a morphological analyzer, the tool can detect certain annotator mistakes and limit undesired dependency relations as well as offering annotators a quick and effective annotation process thanks to its new simple interface. Our tool can be downloaded from the Github.}
}

@misc{TULAP,
  author = {{Boğaziçi University}},
  title  = {{TABILAB Repository Home}},
  year   = {2022},
  url    = {https://tulap.cmpe.boun.edu.tr},
  note   = {[Online; last accessed 24 April 2022]}
}

@article{turk-2021-boat,
  title     = {Resources for Turkish dependency parsing: Introducing the BOUN treebank and the BoAT annotation tool},
  author    = {T{\"u}rk, Utku and Atmaca, Furkan and {\"O}zate{\c{s}}, {\c{S}}aziye Bet{\"u}l and Berk, G{\"o}zde and Bedir, Seyyit Talha and K{\"o}ksal, Abdullatif and Ba{\c{s}}aran, Balk{\i}z {\"O}zt{\"u}rk and G{\"u}ng{\"o}r, Tunga and {\"O}zg{\"u}r, Arzucan},
  journal   = {Language Resources and Evaluation},
  pages     = {1--49},
  year      = {2021},
  publisher = {Springer}
}

@misc{UD,
  author = {{Universal Dependencies}},
  title  = {{UD}},
  year   = {2022},
  url    = {https://universaldependencies.org},
  note   = {[Online; last accessed 2 May 2022]}
}

@inproceedings{ud-annotatrix,
  author    = {Francis M. Tyers and Mariya Sheyanova and Jonathan North Washington},
  title     = {{UD Annotatrix: An annotation tool for Universal Dependencies}},
  booktitle = {Proceedings of the 16th International Workshop on Treebanks and Linguistic Theories (TLT16)},
  pages     = {10--17},
  year      = 2018
}

@misc{ud-boun-treebank,
  author = {Utku T{\"{u}}rk and
            Furkan Atmaca and
            {\c{S}aziye Bet{\"{u}}l {\"{O}}zate{\c{s}} and
            G{\"{o}}zde Berk and
            Seyyit Talha Bedir and
            Abdullatif K{\"{o}}ksal and
            Balk{\i}z {\"{O}}zt{\"{u}}rk Ba{\c{s}}aran and
            Tunga G{\"{u}}ng{\"{o}}r and
            Arzucan {\"{O}}zg{\"{u}}r}},
  title  = {{UD Turkish BOUN}},
  year   = {2020},
  url    = {https://universaldependencies.org/treebanks/tr_boun/index.html},
  note   = {[Online; last accessed 27 March 2022]}
}

@misc{ud-tools,
  author = {{Universal Dependencies}},
  title  = {{UD tools}},
  year   = {2022},
  url    = {https://universaldependencies.org/tools},
  note   = {[Online; last accessed 22 April 2022]}
}

@misc{ud-turkish-boun,
  title  = {{UniversalDependencies/UD\_Turkish-BOUN GitHub Repository}},
  author = {{Universal Dependencies}},
  year   = {2022},
  url    = {https://github.com/UniversalDependencies/UD\_Turkish-BOUN/},
  note   = {[Online; last accessed 25 May 2022]}
}

@misc{webanno,
  author = {{WebAnno}},
  title  = {{WebAnno - Documentation}},
  year   = {2022},
  url    = {https://webanno.github.io/webanno/documentation},
  note   = {[Online; last accessed 5 May 2022]}
}

@misc{atis-en,
    author = {Universal Dependencies},
    title = {UD English Atis},
    url = {https://universaldependencies.org/treebanks/en_atis/index.html},
    note = {[Online; last accessed 4 Jan 2023]},
    year = 2021
}

@misc{atis-tr,
    author = {Universal Dependencies},
    title = {UD Turkish Atis},
    url = {https://universaldependencies.org/treebanks/tr_atis/index.html},
    note = {[Online; last accessed 4 Jan 2023]},
    year = 2021
}

@misc{pud-en,
    author = {Universal Dependencies},
    title = {UD English PUD},
    url = {https://universaldependencies.org/treebanks/en_pud/index.html},
    note = {[Online; last accessed 4 Jan 2023]},
    year = 2021
}

@misc{pud-tr,
    author = {Universal Dependencies},
    title = {UD Turkish PUD},
    url = {https://universaldependencies.org/treebanks/tr_pud/index.html},
    note = {[Online; last accessed 4 Jan 2023]},
    year = 2021
}

@misc{macos,
    author = {{Apple Inc.}},
    title = {{macOS}},
    url = {https://www.apple.com/macos/},
    note = {[Online; last accessed 5 Jan 2023]},
    year = 2022
}

@misc{safari,
    author = {{Apple Inc.}},
    title = {{Safari}},
    url = {https://www.apple.com/safari/},
    note = {[Online; last accessed 5 Jan 2023]},
    year = 2022
}

@misc{windows,
    author = {{Microsoft}},
    title = {{Windows}},
    url = {https://www.microsoft.com/en-us/windows},
    note = {[Online; last accessed 5 Jan 2023]},
    year = 2022
}

@misc{chrome,
    author = {{Google}},
    title = {{Google Chrome}},
    url = {https://www.google.com/chrome/},
    note = {[Online; last accessed 5 Jan 2023]},
    year = 2022
}

@misc{selenium,
    author = {{Selenium}},
    title = {{Software Freedom Conservancy}},
    url = {https://www.selenium.dev/},
    note = {[Online; last accessed 5 Jan 2023]},
    year = 2022
}
